@misc{GeeksforGeeksBubble,
 title   ={Geeks for Geeks - a computer science portal for geeks},
 url     ={https://www.geeksforgeeks.org/bubble-sort/},
 organization={Geeks for Geeks},
 urlaccessdate={19 set. 2018}
}

@misc{GeeksforGeeksins,
 title   ={Geeks for Geeks - a computer science portal for geeks},
 url     ={https://www.geeksforgeeks.org/insertion-sort/},
 organization={Geeks for Geeks},
 urlaccessdate={19 set. 2018}
}